@incollection{Bird1998
 , author="Richard Bird and Lambert Meertens"
 , editor="Jeuring, Johan"
 , title="\href{http://www.cs.ox.ac.uk/richard.bird/online/BirdMeertens98Nested.pdf}{Nested Datatypes}"
 , bookTitle="Mathematics of Program Construction: 4th International Conference"
 , year="1998"
 , pages="52--67"
 , Qisbn="978-3-540-69345-1"
 , Qdoi="10.1007/BFb0054285"
 , Qurl="http://dx.doi.org/10.1007/BFb0054285"
 , Qpublisher="Springer Berlin Heidelberg"
}

@techreport{BlellochTR90
 , author = "Guy~E. Blelloch"
 , title = "\href{http://citeseerx.ist.psu.edu/viewdoc/summary?doi=10.1.1.128.6230}{Prefix Sums and Their Applications}"
 , institution = "School of Computer Science, Carnegie Mellon University"
 , number = "CMU-CS-90-190"
 , month = nov
 , year = 1990
 }

@inproceedings{Magalhaes:2010
 , author = {Magalh\~{a}es, Jos{\'e} Pedro and Dijkstra, Atze and Jeuring, Johan and L\"{o}h, Andres}
 , title = {A Generic Deriving Mechanism for Haskell}
 , booktitle = {Proceedings of the Third ACM Haskell Symposium on Haskell}
 , series = {Haskell '10}
 , year = {2010}
 , pages = {37--48}
 , Qnumpages = {12}
 , Qisbn = {978-1-4503-0252-4}
 , Qlocation = {Baltimore, Maryland, USA}
 , Qurl = {http://doi.acm.org/10.1145/1863523.1863529}
 , Qdoi = {10.1145/1863523.1863529}
 , Qacmid = {1863529}
 , Qpublisher = {ACM}
 , Qaddress = {New York, NY, USA}
 , Qkeywords = {datatype-generic programming, haskell, type classes}
 }

@article{Mcbride:2008
 , author = {Mcbride, Conor and Paterson, Ross}
 , title = {Applicative Programming with Effects}
 , journal = {Journal of Functional Programming}
 , issue_date = {January 2008}
 , volume = {18}
 , number = {1}
 , month = jan
 , year = {2008}
 , pages = {1--13}
 , Qnumpages = {13}
 , Qissn = {0956-7968}
 , Qurl = {http://dx.doi.org/10.1017/S0956796807006326}
 , Qdoi = {10.1017/S0956796807006326}
 , Qacmid = {1348941}
 , Qpublisher = {Cambridge University Press}
 , Qaddress = {New York, NY, USA}
 } 

@misc{HaskellWikiGhcGenerics
 , title = {GHC.Generics}
}

@article{CooleyTukey
 , author = {James W. Cooley and John W. Tukey}
 , citeulike-article-id = {1079320}
 , journal = {Mathematics of Computation}
 , keywords = {computation}
 , pages = {297--301}
 , title = {{An algorithm for the machine calculation of complex Fourier series}}
 , volume = {19}
 , year = {1965}
}

@article{GaussFFTHistory
 , author = {Michael T. Heideman and Don H. Johnson and C. Sidney Burrus}
 , title = {Gauss and the history of the fast {Fourier} transform}
 , journal = {IEEE ASSP Magazine}
 , month = oct
 , number = {4}
 , pages = {14--21}
 , volume = {1}
 , year = {1984}
 , Qinstitution = {Lockheed Engineering and Management Services Company, Houston, TX, USA}
 , Qdoi = {10.1109/massp.1984.1162257}
 , Qissn = {0740-7467}
 , Qkeywords = {fft, signal-processing}
 , Qposted-at = {2007-07-26 23:42:31}
 , Qpriority = {2}
 , Qpublisher = {IEEE}
 , Qurl = {http://dx.doi.org/10.1109/massp.1984.1162257}
}

@book{danielson1942some
 , title={Some Improvements in Practical {Fourier} Analysis and Their Application to X-ray Scattering from Liquids}
 , author={Gordon C. Danielson and Cornelius Lanczos}
 , year={1942}
 , publisher={Purdue University}
 }

@misc{JohnsonCooleyTukeyPic
 , title={Diagram to illustrate the general {Cooley–Tukey FFT} algorithm}
 , author={Steven G. Johnson}
 , year = 2010
 , url={https://en.wikipedia.org/wiki/Cooley%E2%80%93Tukey_FFT_algorithm#General_factorizations}
 }

@inproceedings{eisenberg2016visible,
  title={Visible type application},
  author={Eisenberg, Richard A and Weirich, Stephanie and Ahmed, Hamidhasan G},
  booktitle={European Symposium on Programming Languages and Systems},
  pages={229--254},
  year={2016},
  organization={Springer Berlin Heidelberg}
}

@Misc{newtype-generics,
  author =    {Darius Jahandarie and Conor McBride and João Cristóvão},
  title =     {\href{https://hackage.haskell.org/package/newtype-generics}{newtype-generics}},
  note =      {{Haskell} library}}



